@misc{medmodels,
    title  = {A list of {Mediator} models},
    url    = {https://github.com/liyi-david/Mediator-Proposal}
}

@misc{medgit,
    title  = {Mediator Github Repo},
    url    = {https://github.com/mediator-team}
}

@misc{labview,
    author = {{National Instruments}},
    title  = {LabVIEW},
    url    = {http://www.ni.com/zh-cn/shop/labview.html}
}

@misc{
  linkpwm,
  title    = {Wikipedia page of Pulse-width modulation},
  url      = {https://en.wikipedia.org/wiki/Pulse-width\_modulation}
}

@incollection{hahn2016essentialsimulink,
  title={{SIMULINK Toolbox}},
  booktitle={{Essential MATLAB for engineers and scientists}},
  author={Hahn, Brian and Valentine, Daniel T},
  year={2016},
  publisher={Academic Press},
  pages={341--356}
}

@book{margolis2011arduino,
  title={Arduino cookbook},
  author={Margolis, Michael},
  year={2011},
  address={Sebastopol, USA},
  publisher={O'Reilly Media, Inc.}
}

@book{mpibook,
 author = {Gropp, William and Lusk, Ewing and Thakur, Rajeev},
 title = {Using MPI-2: Advanced Features of the Message-Passing Interface},
 year = {1999},
 isbn = {0262571331},
 publisher = {MIT Press},
 address = {Cambridge, MA, USA},
} 

@book{ACKM04,
  author = "G.~Alonso and F.~Casati and H.~Kuno and V.~Machiraju",
  title = "{Web Services - Concepts, Architectures and Applications}",
  publisher = "{Springer-Verlag}",
  year = "2004"
}

@inproceedings{KM05,
  author =       "Ingolf H.~Kr{\"u}ger and Reena Mathew",
  title =        "{Component Synthesis from Service Specifications}",
  booktitle =    "{Scenarios}",
  editor =       "{S.~Leue and T.~J.~Syst{\"a}}",
  publisher =    "Springer",
  pages =       "255-277",
  series    = {LNCS},
  volume    = {3466},
  year      = {2005}
}

@article{PG03,
  author = "{M.~P.~Papazoglou and D.~Georgakopoulos}",
  title = "{Service Oriented Computing}",
  journal = "Comm.~ACM",
  year = 2003,
  pages = "25-28",
  volume = 46,
  number = 10
  }
  
@book{SGM03,
    author ="Clemens Szyperski and Dominik Gruntz and Stephan Murer",
    title = {Component Software -- Beyond Object-Oriented Programming, Second Edition},
    publisher = {Publishing House of Electronics Industry},
    year = {2003}}
    